<?xml version="1.0" encoding="UTF-8"?><record xmlns="http://www.loc.gov/MARC21/slim" xmlns:cinclude="http://apache.org/cocoon/include/1.0" xmlns:zs="http://www.loc.gov/zing/srw/">
  <leader>01629cz  a2200229n  4500</leader>
  <controlfield tag="001">n 2013205994</controlfield>
  <controlfield tag="003">DLC</controlfield>
  <controlfield tag="005">20131120073831.0</controlfield>
  <controlfield tag="008">131108n| azannaabn          |b ana      </controlfield>
  <datafield tag="010" ind1=" " ind2=" ">
    <subfield code="a">n 2013205994</subfield>
  </datafield>
  <datafield tag="035" ind1=" " ind2=" ">
    <subfield code="a">(OCoLC)oca09611613</subfield>
  </datafield>
  <datafield tag="040" ind1=" " ind2=" ">
    <subfield code="a">DLC</subfield>
    <subfield code="b">eng</subfield>
    <subfield code="e">rda</subfield>
    <subfield code="c">DLC</subfield>
    <subfield code="d">IEN</subfield>
  </datafield>
  <datafield tag="111" ind1="2" ind2=" ">
    <subfield code="a">International Festival and Fair of Press and News Agencies</subfield>
    <subfield code="n">(15th :</subfield>
    <subfield code="d">2008 :</subfield>
    <subfield code="c">Tehran, Iran)</subfield>
  </datafield>
  <datafield tag="368" ind1=" " ind2=" ">
    <subfield code="a">Exhibition</subfield>
  </datafield>
  <datafield tag="370" ind1=" " ind2=" ">
    <subfield code="c">Iran</subfield>
    <subfield code="e">Tehran (Iran)</subfield>
    <subfield code="2">naf</subfield>
  </datafield>
  <datafield tag="377" ind1=" " ind2=" ">
    <subfield code="a">per</subfield>
  </datafield>
  <datafield tag="411" ind1="2" ind2=" ">
    <subfield code="a">Jashnvārah-ʼi Maṭbūʻāt va Khabarguzārīʹhā</subfield>
    <subfield code="n">(15th :</subfield>
    <subfield code="d">2008 :</subfield>
    <subfield code="c">Tehran, Iran)</subfield>
  </datafield>
  <datafield tag="411" ind1="2" ind2=" ">
    <subfield code="a">Jashnvārah va Namāyishgāh-i Bayn al-Milalī-i Maṭbūʻāt va Khabarguzārīʹhā</subfield>
    <subfield code="n">(15th :</subfield>
    <subfield code="d">2008 :</subfield>
    <subfield code="c">Tehran, Iran)</subfield>
  </datafield>
  <datafield tag="411" ind1="2" ind2=" ">
    <subfield code="a">جشنواره مطبوعات و خبرگزارى‌ها</subfield>
    <subfield code="n">(15th :</subfield>
    <subfield code="d">2008 :</subfield>
    <subfield code="c">Tehran, Iran)</subfield>
  </datafield>
  <datafield tag="411" ind1="2" ind2=" ">
    <subfield code="a">جشنواره و نمايشگاه بين المللى‌ مطبوعات و خبرگزارى‌ها</subfield>
    <subfield code="n">(15th :</subfield>
    <subfield code="d">2008 :</subfield>
    <subfield code="c">Tehran, Iran)</subfield>
  </datafield>
  <datafield tag="667" ind1=" " ind2=" ">
    <subfield code="a">Non-Latin script references not evaluated.</subfield>
  </datafield>
  <datafield tag="670" ind1=" " ind2=" ">
    <subfield code="a">Ās̲ār-i barguzīdah-i Pānzdahumīn Jashnvārah-ʼi Maṭbūʻāt va Khabarguzārīʹhā bih hamrāh-i muʻarrifī-i barguzīdagān-i ās̲ār, 2009 or 2010:</subfield>
    <subfield code="b">t.p. (پانزدهمين جشنوارۀ مطبوعات و خبرگزارى‌ها = Pānzdahumīn Jashnvārah-ʼi Maṭbūʻāt va Khabarguzārīʹhā; Ābān 1387 [2008]) t.p. verso (Iranian CIP data: held in Tehran) p. 4 of cover (The 15th International Festival and Fair of Press and News Agencies; Pānzdahumīn Jashnvārah va Namāyishgāh-i Bayn al-Milalī-i Maṭbūʻāt va Khabarguzārīʹhā)</subfield>
  </datafield>
</record>